@
article{idesawa1977scanning,
  title={Scanning moir{\'e} method and automatic measurement of 3-D shapes},
  author={Idesawa, Masanori and Yatagai, Toyohiko and Soma, Takashi},
  journal={Applied Optics},
  volume={16},
  number={8},
  pages={2152--2162},
  year={1977},
  publisher={Optica Publishing Group}
}