@article{Varghese2016,
author = {Varghese, Justin},
doi = {10.1016/j.aeue.2016.10.008},
file = {:C\:/Users/anton/Documents/MCIA/UAQ _MCIA/Tesis/Articulos_antecedentes_CNN/Adaptive threshold based frequency domain filter for periodic noise_ 2016.pdf:pdf},
issn = {16180399},
journal = {AEU - International Journal of Electronics and Communications},
keywords = {Adaptive filter,Fourier transform,Frequency domain,Image restoration,Periodic noise},
number = {12},
pages = {1692--1701},
publisher = {Elsevier GmbH},
title = {{Adaptive threshold based frequency domain filter for periodic noise reduction}},
url = {http://dx.doi.org/10.1016/j.aeue.2016.10.008},
volume = {70},
year = {2016}
}
